%YAML 1.1
%TAG !u! tag:unity3d.com,2011:
--- !u!114 &-5703196343834598936
MonoBehaviour:
  m_ObjectHideFlags: 0
  m_CorrespondingSourceObject: {fileID: 0}
  m_PrefabInstance: {fileID: 0}
  m_PrefabAsset: {fileID: 0}
  m_GameObject: {fileID: 0}
  m_Enabled: 1
  m_EditorHideFlags: 0
  m_Script: {fileID: 11500000, guid: ceb653cd98e289a4e8697a1af55201f2, type: 3}
  m_Name: event:/Ambiance
  m_EditorClassIdentifier: 
  Path: event:/Ambiance
  guid: c24e14df85b6c84eb81ec15989d515ca
  Banks: []
  IsStream: 1
  Is3D: 0
  IsOneShot: 0
  Parameters: []
  MinDistance: 0
  MaxDistance: 0
  Length: 102466
--- !u!114 &-4307971929409133602
MonoBehaviour:
  m_ObjectHideFlags: 0
  m_CorrespondingSourceObject: {fileID: 0}
  m_PrefabInstance: {fileID: 0}
  m_PrefabAsset: {fileID: 0}
  m_GameObject: {fileID: 0}
  m_Enabled: 1
  m_EditorHideFlags: 0
  m_Script: {fileID: 11500000, guid: c18180ecb35941f4682ae60107b85b7c, type: 3}
  m_Name: bank:/Master.bank
  m_EditorClassIdentifier: 
  Path: ../../equilibrium_rebirth/Build/Desktop/Master.bank
  SubDir: 
  lastModified: 637133573888273159
  LoadResult: 0
  FileSizes: []
  Exists: 1
--- !u!114 &-1651874566534112647
MonoBehaviour:
  m_ObjectHideFlags: 0
  m_CorrespondingSourceObject: {fileID: 0}
  m_PrefabInstance: {fileID: 0}
  m_PrefabAsset: {fileID: 0}
  m_GameObject: {fileID: 0}
  m_Enabled: 1
  m_EditorHideFlags: 0
  m_Script: {fileID: 11500000, guid: c18180ecb35941f4682ae60107b85b7c, type: 3}
  m_Name: bank:/Master.bank
  m_EditorClassIdentifier: 
  Path: ../../equilibrium_rebirth/Build/Desktop/Master.bank
  SubDir: 
  lastModified: 637133499094204547
  LoadResult: 0
  FileSizes: []
  Exists: 0
--- !u!114 &-868001613618719448
MonoBehaviour:
  m_ObjectHideFlags: 0
  m_CorrespondingSourceObject: {fileID: 0}
  m_PrefabInstance: {fileID: 0}
  m_PrefabAsset: {fileID: 0}
  m_GameObject: {fileID: 0}
  m_Enabled: 1
  m_EditorHideFlags: 0
  m_Script: {fileID: 11500000, guid: c18180ecb35941f4682ae60107b85b7c, type: 3}
  m_Name: bank:/Master.bank
  m_EditorClassIdentifier: 
  Path: ../../equilibrium_rebirth/Build/Desktop/Master.bank
  SubDir: 
  lastModified: 637133449708900610
  LoadResult: 0
  FileSizes: []
  Exists: 0
--- !u!114 &-434192877213520124
MonoBehaviour:
  m_ObjectHideFlags: 0
  m_CorrespondingSourceObject: {fileID: 0}
  m_PrefabInstance: {fileID: 0}
  m_PrefabAsset: {fileID: 0}
  m_GameObject: {fileID: 0}
  m_Enabled: 1
  m_EditorHideFlags: 0
  m_Script: {fileID: 11500000, guid: c18180ecb35941f4682ae60107b85b7c, type: 3}
  m_Name: bank:/Master.bank
  m_EditorClassIdentifier: 
  Path: ../../equilibrium_rebirth/Build/Desktop/Master.bank
  SubDir: 
  lastModified: 637133420312659292
  LoadResult: 0
  FileSizes: []
  Exists: 0
--- !u!114 &11400000
MonoBehaviour:
  m_ObjectHideFlags: 0
  m_CorrespondingSourceObject: {fileID: 0}
  m_PrefabInstance: {fileID: 0}
  m_PrefabAsset: {fileID: 0}
  m_GameObject: {fileID: 0}
  m_Enabled: 1
  m_EditorHideFlags: 0
  m_Script: {fileID: 11500000, guid: d32cf7c32a3ed8347bac48ef5ed56d82, type: 3}
  m_Name: FMODStudioCache
  m_EditorClassIdentifier: 
  EditorBanks:
  - {fileID: 5490667911846122399}
  - {fileID: -4307971929409133602}
  EditorEvents:
  - {fileID: 8124621431139360095}
  - {fileID: 4181512991042183065}
  - {fileID: 993739318992574938}
  - {fileID: 6164437795044094278}
  EditorParameters: []
  MasterBanks:
  - {fileID: -4307971929409133602}
  StringsBanks:
  - {fileID: 5490667911846122399}
  stringsBankWriteTime: 637133573888343138
  cacheVersion: 3
--- !u!114 &993739318992574938
MonoBehaviour:
  m_ObjectHideFlags: 0
  m_CorrespondingSourceObject: {fileID: 0}
  m_PrefabInstance: {fileID: 0}
  m_PrefabAsset: {fileID: 0}
  m_GameObject: {fileID: 0}
  m_Enabled: 1
  m_EditorHideFlags: 0
  m_Script: {fileID: 11500000, guid: ceb653cd98e289a4e8697a1af55201f2, type: 3}
  m_Name: event:/UI_GAME
  m_EditorClassIdentifier: 
  Path: event:/UI_GAME
  guid: 86041bf9f988e1498ff13d69ac03fb5c
  Banks:
  - {fileID: -4307971929409133602}
  IsStream: 0
  Is3D: 0
  IsOneShot: 1
  Parameters: []
  MinDistance: 0
  MaxDistance: 0
  Length: 399
--- !u!114 &2324865137775794088
MonoBehaviour:
  m_ObjectHideFlags: 0
  m_CorrespondingSourceObject: {fileID: 0}
  m_PrefabInstance: {fileID: 0}
  m_PrefabAsset: {fileID: 0}
  m_GameObject: {fileID: 0}
  m_Enabled: 1
  m_EditorHideFlags: 0
  m_Script: {fileID: 11500000, guid: c18180ecb35941f4682ae60107b85b7c, type: 3}
  m_Name: bank:/Master.bank
  m_EditorClassIdentifier: 
  Path: ../../equilibrium_rebirth/Build/Desktop/Master.bank
  SubDir: 
  lastModified: 637133561311424877
  LoadResult: 0
  FileSizes: []
  Exists: 0
--- !u!114 &4069222092656029311
MonoBehaviour:
  m_ObjectHideFlags: 0
  m_CorrespondingSourceObject: {fileID: 0}
  m_PrefabInstance: {fileID: 0}
  m_PrefabAsset: {fileID: 0}
  m_GameObject: {fileID: 0}
  m_Enabled: 1
  m_EditorHideFlags: 0
  m_Script: {fileID: 11500000, guid: c18180ecb35941f4682ae60107b85b7c, type: 3}
  m_Name: bank:/Master.bank
  m_EditorClassIdentifier: 
  Path: ../../equilibrium_rebirth/Build/Desktop/Master.bank
  SubDir: 
  lastModified: 637133447928285288
  LoadResult: 0
  FileSizes: []
  Exists: 0
--- !u!114 &4181512991042183065
MonoBehaviour:
  m_ObjectHideFlags: 0
  m_CorrespondingSourceObject: {fileID: 0}
  m_PrefabInstance: {fileID: 0}
  m_PrefabAsset: {fileID: 0}
  m_GameObject: {fileID: 0}
  m_Enabled: 1
  m_EditorHideFlags: 0
  m_Script: {fileID: 11500000, guid: ceb653cd98e289a4e8697a1af55201f2, type: 3}
  m_Name: event:/UI_MENU
  m_EditorClassIdentifier: 
  Path: event:/UI_MENU
  guid: 7cf62ed77d59074e8da40d28dbc4c0a6
  Banks:
  - {fileID: -4307971929409133602}
  IsStream: 0
  Is3D: 0
  IsOneShot: 1
  Parameters: []
  MinDistance: 0
  MaxDistance: 0
  Length: 1340
--- !u!114 &5490667911846122399
MonoBehaviour:
  m_ObjectHideFlags: 0
  m_CorrespondingSourceObject: {fileID: 0}
  m_PrefabInstance: {fileID: 0}
  m_PrefabAsset: {fileID: 0}
  m_GameObject: {fileID: 0}
  m_Enabled: 1
  m_EditorHideFlags: 0
  m_Script: {fileID: 11500000, guid: c18180ecb35941f4682ae60107b85b7c, type: 3}
  m_Name: bank:/Master.strings.bank
  m_EditorClassIdentifier: 
  Path: ../../equilibrium_rebirth/Build/Desktop/Master.strings.bank
  SubDir: 
  lastModified: 637133573888343138
  LoadResult: 0
  FileSizes:
  - Name: Desktop
    Value: 872
  Exists: 1
--- !u!114 &6164437795044094278
MonoBehaviour:
  m_ObjectHideFlags: 0
  m_CorrespondingSourceObject: {fileID: 0}
  m_PrefabInstance: {fileID: 0}
  m_PrefabAsset: {fileID: 0}
  m_GameObject: {fileID: 0}
  m_Enabled: 1
  m_EditorHideFlags: 0
  m_Script: {fileID: 11500000, guid: ceb653cd98e289a4e8697a1af55201f2, type: 3}
  m_Name: event:/EquilibriumOST
  m_EditorClassIdentifier: 
  Path: event:/EquilibriumOST
  guid: c24e14df85b6c84eb81ec15989d515ca
  Banks:
  - {fileID: -4307971929409133602}
  IsStream: 1
  Is3D: 0
  IsOneShot: 0
  Parameters: []
  MinDistance: 0
  MaxDistance: 0
  Length: 102466
--- !u!114 &8124621431139360095
MonoBehaviour:
  m_ObjectHideFlags: 0
  m_CorrespondingSourceObject: {fileID: 0}
  m_PrefabInstance: {fileID: 0}
  m_PrefabAsset: {fileID: 0}
  m_GameObject: {fileID: 0}
  m_Enabled: 1
  m_EditorHideFlags: 0
  m_Script: {fileID: 11500000, guid: ceb653cd98e289a4e8697a1af55201f2, type: 3}
  m_Name: event:/Death
  m_EditorClassIdentifier: 
  Path: event:/Death
  guid: 0d110a273bdf6d40bbc281e45f0db6fa
  Banks:
  - {fileID: -4307971929409133602}
  IsStream: 0
  Is3D: 0
  IsOneShot: 1
  Parameters: []
  MinDistance: 0
  MaxDistance: 0
  Length: 1000
